<record xmlns="http://www.loc.gov/MARC21/slim" xmlns:xsi="http://www.w3.org/2001/XMLSchema-instance" xsi:schemaLocation="http://www.loc.gov/MARC21/slim http://www.loc.gov/standards/marcxml/schema/MARC21slim.xsd">

  <leader>00799nam a2200157Ia 4500</leader>
  <datafield tag="090" ind2=" " ind1=" ">
    <subfield code="a">CD #185</subfield>
  </datafield>
  <datafield ind1=" " tag="110" ind2=" ">
    <subfield code="a">Instituto de Desarrollo Profesional Uladislao Gámez Solano</subfield>
  </datafield>
  <datafield ind2=" " tag="245" ind1=" ">
    <subfield code="a">Diagnósitico de necesidades de desarrollo profesional / Instituto de Desarrollo Profesional Uladislao Gámez Solano; Ministerio de Educación Pública.</subfield>
  </datafield>
  <datafield ind1=" " tag="260" ind2=" ">
    <subfield code="a">San José, Costa Rica : </subfield>
    <subfield code="b">IDPUGS; MEP, </subfield>
    <subfield code="c"/>
  </datafield>
  <datafield ind1=" " tag="300" ind2=" ">
    <subfield code="a">[disco compacto]</subfield>
  </datafield>
  <datafield ind1=" " tag="500" ind2=" ">
    <subfield code="a">Contiene: Video con la presentación de los principales hallazgos del Diagnóstico de Desarrollo Profesional del personal Docente, Técnico y Administrativo\Video complementario del diagnóstico\Una presentación Power Point que resume los principales resul</subfield>
  </datafield>
  <datafield tag="650" ind2=" " ind1=" ">
    <subfield code="a">DESARROLLO PROFESIONAL</subfield>
  </datafield>
  <datafield tag="650" ind2=" " ind1=" ">
    <subfield code="a">DOCENTES</subfield>
  </datafield>
  <datafield ind2=" " tag="942" ind1=" ">
    <subfield code="p">002558 </subfield>
  </datafield>
  <datafield ind1=" " tag="942" ind2=" ">
    <subfield code="p">002434 </subfield>
  </datafield>
  <datafield ind2=" " tag="999" ind1=" ">
    <subfield code="c">2462</subfield>
    <subfield code="d">2462</subfield>
  </datafield>
</record>